@incollection{dunning2011dunning,
  title     = {The Dunning--Kruger effect: On being ignorant of one's own ignorance},
  author    = {Dunning, David},
  booktitle = {Advances in experimental social psychology},
  volume    = {44},
  pages     = {247--296},
  year      = {2011},
  publisher = {Elsevier}
}

@article{underwood1977pfeiffer,
  title     = {The Pfeiffer Beach slab deposits, Monterey County, California: possible trench-slope basin},
  author    = {Underwood, Michael B},
  year      = {1977},
  publisher = {Pacific Section SEPM}
}

@article{verdu2017individual,
  title     = {Individual variation in the postcranial skeleton of the {E}arly {C}retaceous {I}guanodon bernissartensis ({D}inosauria: {O}rnithopoda)},
  author    = {Verd{\'u}, Francisco Javier and Godefroit, Pascal and Royo-Torres, Rafael and Cobos, Alberto and Alcala, Luis},
  journal   = {Cretaceous Research},
  volume    = {74},
  pages     = {65--86},
  year      = {2017},
  publisher = {Elsevier}
}